<?xml version="1.0" encoding="UTF-8"?><collection xmlns="http://www.loc.gov/MARC21/slim"><record><leader>00598nam--2200217-u-4500</leader><controlfield tag="001">000050359</controlfield><controlfield tag="002">20161230</controlfield><controlfield tag="003">81781</controlfield><controlfield tag="005">20161230201048</controlfield><controlfield tag="008">070129s1000------------r-----000-0-eng-d</controlfield><datafield ind1=" " ind2=" " tag="020"><subfield code="a">1580536948</subfield></datafield><datafield ind1=" " ind2=" " tag="040"><subfield code="a">IFIN-HH</subfield></datafield><datafield ind1=" " ind2=" " tag="080"><subfield code="a">520.378:681.586.73:538.91</subfield></datafield><datafield ind1="1" ind2=" " tag="100"><subfield code="a">Dragoman, Mircea</subfield></datafield><datafield ind1="1" ind2="0" tag="245"><subfield code="a">Nanoelectronics</subfield><subfield code="b">Principles and devices</subfield><subfield code="c">Mircea dragoman; daniela dragoman</subfield></datafield><datafield ind1=" " ind2=" " tag="260"><subfield code="a">London</subfield><subfield code="b">Artech House</subfield><subfield code="c">2006</subfield></datafield><datafield ind1=" " ind2=" " tag="300"><subfield code="a">426 p</subfield></datafield><datafield ind1=" " ind2=" " tag="490"><subfield code="a">Nanosructures And Nanomaterials</subfield></datafield><datafield ind1="1" ind2=" " tag="700"><subfield code="a">Dragoman, Daniela</subfield></datafield><datafield ind1=" " ind2=" " tag="852"><subfield code="a">81781</subfield><subfield code="c">001.2</subfield></datafield><datafield ind1=" " ind2=" " tag="CAT"><subfield code="a">Sys</subfield><subfield code="c">20120801</subfield><subfield code="h">144744</subfield></datafield></record></collection>